@book{Povh,
      author         = "Povh, B. and Rith, K. and Scholz, C. and Zersche, F.",
      title          = "{Particles and nuclei: An Introduction to the physical
                        concepts}",
      journal        = "Berlin, Germany: Springer (1995) 340 p.",
      doi            = "10.1007/3-540-36684-9",
      year           = "1995",
      SLACcitation   = "%%CITATION = INSPIRE-406191;%%"
}
@book{Peskin:1995ev,
      author         = "Peskin, Michael E. and Schroeder, Daniel V.",
      title          = "{An Introduction to quantum field theory}",
      publisher      = "Addison-Wesley",
      address        = "Reading, USA",
      year           = "1995",
      url            = "http://www.slac.stanford.edu/~mpeskin/QFT.html",
      ISBN           = "9780201503975, 0201503972",
      SLACcitation   = "%%CITATION = INSPIRE-407703;%%"
}

@article{Agashe:2014kda,
      author         = "M. Tanabashi et al.",
      title          = "{Review of Particle Physics}",
      collaboration  = "Particle Data Group",
      journal        = "Phys. Rev. D",
      volume         = "98",
      year           = "2018",
      pages          = "030001",
}
@book{Bettini:2008zz,
      author         = "Bettini, Alessandro",
      title          = "{Introduction to elementary particle physics}",
      url            = "http://www.cambridge.org/catalogue/catalogue.asp?isbn=9780521880213",
      journal        = "Cambridge, UK: Univ. Pr. (2008) 431 p",
      year           = "2008",
      ISBN           = "9780521880213",
      SLACcitation   = "%%CITATION = INSPIRE-839696;%%"
}

@misc{shmoop,
  author = {Unknown},
  title = {{Young interference}},
  howpublished = "\url{https://www.shmoop.com/optics/young-double-slit.html
}",
  year = {2018}, 
  note = "[Online; accessed August 2018]"
}

@article{Davisson:1927ta,
      author         = "Davisson, C. and Germer, L. H.",
      title          = "{Diffraction of Electrons by a Crystal of Nickel}",
      journal        = "Phys. Rev.",
      volume         = "30",
      year           = "1927",
      pages          = "705-740",
      doi            = "10.1103/PhysRev.30.705",
      SLACcitation   = "%%CITATION = PHRVA,30,705;%%"
}
@article{thomson:1927,
author = {P. Thomson, G and AA, Reid},
year = {1927},
month = {01},
pages = {890-890},
title = {Diffraction of Cathode Rays by a Thin Film},
volume = {119},
booktitle = {Nature}
}

@Article{Jonsson1961,
author="J{\"o}nsson, Claus",
title="Elektroneninterferenzen an mehreren k{\"u}nstlich hergestellten Feinspalten",
journal="Zeitschrift f{\"u}r Physik",
year="1961",
month="Aug",
day="01",
volume="161",
number="4",
pages="454--474",
abstract="A glass plate covered with an evaporated silver film of about 200 {\aa} thickness is irradiated by a line-shaped electron-probe in a vacuum of 10âˆ’4 Torr. A hydrocarbon polymerisation film of very low electrical conductivity is formed at places subjected to high electron current density. An electrolytically deposited copper film leaves these places free from copper. When the copper film is stripped a grating with slits free of any material is obtained. 50 $\Mu$ long and 0{\textperiodcentered}3 $\Mu$ wide slits with a grating constant of 1 $\Mu$ are obtained. The maximum number of slits is five. The electron diffraction pattern obtained using these slits in an arrangement analogous to Young's light optical interference experiment in the Fraunhofer plane and Fresnel region shows an effect corresponding to the well-known interference phenomena in light optics.",
issn="0044-3328",
doi="10.1007/BF01342460",
url="https://doi.org/10.1007/BF01342460"
}


@article{merli:1974,
  author={P G Merli and G F Missiroli and G Pozzi},
  title={Electron interferometry with the Elmiskop 101 electron microscope},
  journal={Journal of Physics E: Scientific Instruments},
  volume={7},
  number={9},
  pages={729},
  url={http://stacks.iop.org/0022-3735/7/i=9/a=016},
  year={1974},
  abstract={A simple and versatile electron biprism of the Mollenstedt type is presented, which allows the conversion of a Siemens Elmiskop 101 electron microscope for use as an interference microscope or as an electron interferometer. The microscope's performance with the biprism inserted at the level of the selector aperture plane is investigated both theoretically and experimentally.}
}

@article{weiswynands:2003,
author = {Weis, Antoine and Wynands, Robert},
year = {2003},
month = {06},
pages = {},
title = {Three Demonstration Experiments on the Wave and Particle Nature of Light},
volume = {1}
}

@article{ALEPH:2005ab,
      author         = "Schael, S. and others",
      title          = "{Precision electroweak measurements on the $Z$
                        resonance}",
      collaboration  = "SLD Electroweak Group, DELPHI, ALEPH, SLD, SLD Heavy
                        Flavour Group, OPAL, LEP Electroweak Working Group, L3",
      journal        = "Phys. Rept.",
      volume         = "427",
      year           = "2006",
      pages          = "257-454",
      doi            = "10.1016/j.physrep.2005.12.006",
      eprint         = "hep-ex/0509008",
      archivePrefix  = "arXiv",
      primaryClass   = "hep-ex",
      reportNumber   = "SLAC-R-774",
      SLACcitation   = "%%CITATION = HEP-EX/0509008;%%"
}

@article{Riemann:2010zz,
      author         = "Riemann, Sabine",
      title          = "{Precision electroweak physics at high energies}",
      journal        = "Rept. Prog. Phys.",
      volume         = "73",
      year           = "2010",
      pages          = "126201",
      doi            = "10.1088/0034-4885/73/12/126201",
      SLACcitation   = "%%CITATION = RPPHA,73,126201;%%"
}

@article{Abe:2000dq,
      author         = "Abe, Kenji and others",
      title          = "{A High precision measurement of the left-right Z boson
                        cross-section asymmetry}",
      collaboration  = "SLD",
      journal        = "Phys. Rev. Lett.",
      volume         = "84",
      year           = "2000",
      pages          = "5945-5949",
      doi            = "10.1103/PhysRevLett.84.5945",
      eprint         = "hep-ex/0004026",
      archivePrefix  = "arXiv",
      primaryClass   = "hep-ex",
      reportNumber   = "SLAC-PUB-8401",
      SLACcitation   = "%%CITATION = HEP-EX/0004026;%%"
}

@article{Abe:2000uc,
      author         = "Abe, Koya and others",
      title          = "{First direct measurement of the parity violating
                        coupling of the Z0 to the s quark}",
      collaboration  = "SLD",
      journal        = "Phys. Rev. Lett.",
      volume         = "85",
      year           = "2000",
      pages          = "5059-5063",
      doi            = "10.1103/PhysRevLett.85.5059",
      eprint         = "hep-ex/0006019",
      archivePrefix  = "arXiv",
      primaryClass   = "hep-ex",
      reportNumber   = "SLAC-PUB-8408",
      SLACcitation   = "%%CITATION = HEP-EX/0006019;%%"
}

@article{Abe:2000hk,
      author         = "Abe, Koya and others",
      title          = "{An Improved direct measurement of leptonic coupling
                        asymmetries with polarized Z bosons}",
      collaboration  = "SLD",
      journal        = "Phys. Rev. Lett.",
      volume         = "86",
      year           = "2001",
      pages          = "1162-1166",
      doi            = "10.1103/PhysRevLett.86.1162",
      eprint         = "hep-ex/0010015",
      archivePrefix  = "arXiv",
      primaryClass   = "hep-ex",
      reportNumber   = "SLAC-PUB-8618",
      SLACcitation   = "%%CITATION = HEP-EX/0010015;%%"
}

@article{Abe:1996ef,
      author         = "Abe, K. and others",
      title          = "{First measurement of the left-right charge asymmetry in
                        hadronic Z boson decays and a new determination of sin**2
                        theta(W)(eff)}",
      collaboration  = "SLD",
      journal        = "Phys. Rev. Lett.",
      volume         = "78",
      year           = "1997",
      pages          = "17-21",
      doi            = "10.1103/PhysRevLett.78.17",
      eprint         = "hep-ex/9609019",
      archivePrefix  = "arXiv",
      primaryClass   = "hep-ex",
      reportNumber   = "SLAC-PUB-7069, SLAC-PUB-96-7069, COLO-HEP-367",
      SLACcitation   = "%%CITATION = HEP-EX/9609019;%%"
}

@article{Aaltonen:2013iut,
      author         = "Aaltonen, Timo Antero and others",
      title          = "{Combination of CDF and D0 $W$-Boson Mass Measurements}",
      collaboration  = "CDF, D0",
      journal        = "Phys. Rev.",
      volume         = "D88",
      year           = "2013",
      number         = "5",
      pages          = "052018",
      doi            = "10.1103/PhysRevD.88.052018",
      eprint         = "1307.7627",
      archivePrefix  = "arXiv",
      primaryClass   = "hep-ex",
      reportNumber   = "FERMILAB-PUB-13-289-E",
      SLACcitation   = "%%CITATION = ARXIV:1307.7627;%%"
}

@article{TEW:2010aj,
      title          = "{Combination of CDF and D0 Results on the Width of the W
                        boson}",
      collaboration  = "Tevatron Electroweak Working Group",
      year           = "2010",
      eprint         = "1003.2826",
      archivePrefix  = "arXiv",
      primaryClass   = "hep-ex",
      reportNumber   = "FERMILAB-TM-2460-E",
      SLACcitation   = "%%CITATION = ARXIV:1003.2826;%%"
}

@misc{ATLASurl1,
  author={ATLAS},
  url={cds.cern.ch/record/2285809/files/ATLAS-CONF-2017-071.pdf},
}

@article{Aaboud:2017svj,
      author         = "Aaboud, Morad and others",
      title          = "{Measurement of the $W$-boson mass in pp collisions at
                        $\sqrt{s}=7$ TeV with the ATLAS detector}",
      collaboration  = "ATLAS",
      journal        = "Eur. Phys. J.",
      volume         = "C78",
      year           = "2018",
      number         = "2",
      pages          = "110",
      doi            = "10.1140/epjc/s10052-017-5475-4",
      eprint         = "1701.07240",
      archivePrefix  = "arXiv",
      primaryClass   = "hep-ex",
      reportNumber   = "CERN-EP-2016-305",
      SLACcitation   = "%%CITATION = ARXIV:1701.07240;%%"
}

@misc{CMSurl1,
  author={CMS},
  url={cds.cern.ch/record/2235162/files/TOP-15-012-pas.pdf},
}

@misc{CMSurl2,
  author={CMS},
  url={cds.cern.ch/record/2284594/files/TOP-17-007-pas.pdf},
}

@misc{PDG2018url,
  author = {PDG},
  url={http://pdg.lbl.gov/2018/reviews/rpp2018-rev-standard-model.pdf},
  }
@article{Glashow:1970gm,
      author         = "Glashow, S. L. and Iliopoulos, J. and Maiani, L.",
      title          = "{Weak Interactions with Lepton-Hadron Symmetry}",
      booktitle      = "{Meeting of the Italian School of Physics and Weak
                        Interactions Bologna, Italy, April 26-28, 1984}",
      journal        = "Phys. Rev.",
      volume         = "D2",
      year           = "1970",
      pages          = "1285-1292",
      doi            = "10.1103/PhysRevD.2.1285",
      SLACcitation   = "%%CITATION = PHRVA,D2,1285;%%"
}
@article{1964PhRvL,
   author = {{Christenson}, J.~H. and {Cronin}, J.~W. and {Fitch}, V.~L. and 
	{Turlay}, R.},
    title = "{Evidence for the 2{$\pi$} Decay of the K20 Meson}",
  journal = {Physical Review Letters},
     year = 1964,
    month = jul,
   volume = 13,
    pages = {138-140},
      doi = {10.1103/PhysRevLett.13.138},
   adsurl = {http://adsabs.harvard.edu/abs/1964PhRvL..13..138C},
  adsnote = {Provided by the SAO/NASA Astrophysics Data System}
}

@article{doi:10.1143/PTP.28.870,
author = {Maki, Ziro and Nakagawa, Masami and Sakata, Shoichi},
title = {Remarks on the Unified Model of Elementary Particles},
journal = {Progress of Theoretical Physics},
volume = {28},
number = {5},
pages = {870-880},
year = {1962},
doi = {10.1143/PTP.28.870},
URL = {http://dx.doi.org/10.1143/PTP.28.870},
eprint = {/oup/backfile/content_public/journal/ptp/28/5/10.1143/ptp.28.870/2/28-5-870.pdf}
}

@article{Corbelli:1999af,
      author         = "Corbelli, Edvige and Salucci, Paolo",
      title          = "{The Extended Rotation Curve and the Dark Matter Halo of
                        M33}",
      journal        = "Mon. Not. Roy. Astron. Soc.",
      volume         = "311",
      year           = "2000",
      pages          = "441-447",
      doi            = "10.1046/j.1365-8711.2000.03075.x",
      eprint         = "astro-ph/9909252",
      archivePrefix  = "arXiv",
      primaryClass   = "astro-ph",
      SLACcitation   = "%%CITATION = ASTRO-PH/9909252;%%"
}
@article{Faber:1976sn,
      author         = "Faber, S. M. and Jackson, R. E.",
      title          = "{Velocity dispersions and mass to light ratios for
                        elliptical galaxies}",
      journal        = "Astrophys. J.",
      volume         = "204",
      year           = "1976",
      pages          = "668",
      doi            = "10.1086/154215",
      SLACcitation   = "%%CITATION = ASJOA,204,668;%%"
}

@article{Allen:2011zs,
      author         = "Allen, Steven W. and Evrard, August E. and Mantz, Adam
                        B.",
      title          = "{Cosmological Parameters from Observations of Galaxy
                        Clusters}",
      journal        = "Ann. Rev. Astron. Astrophys.",
      volume         = "49",
      year           = "2011",
      pages          = "409-470",
      doi            = "10.1146/annurev-astro-081710-102514",
      eprint         = "1103.4829",
      archivePrefix  = "arXiv",
      primaryClass   = "astro-ph.CO",
      SLACcitation   = "%%CITATION = ARXIV:1103.4829;%%"
}

@article{Natarajan:2017sbo,
      author         = "Natarajan, Priyamvada and others",
      title          = "{Mapping substructure in the HST Frontier Fields cluster
                        lenses and in cosmological simulations}",
      journal        = "Mon. Not. Roy. Astron. Soc.",
      volume         = "468",
      year           = "2017",
      number         = "2",
      pages          = "1962-1980",
      doi            = "10.1093/mnras/stw3385",
      eprint         = "1702.04348",
      archivePrefix  = "arXiv",
      primaryClass   = "astro-ph.GA",
      SLACcitation   = "%%CITATION = ARXIV:1702.04348;%%"
}

@article{Donoghue:2012zc,
      author         = "Donoghue, John F.",
      title          = "{The effective field theory treatment of quantum
                        gravity}",
      booktitle      = "{Proceedings, 6th International School on Field Theory
                        and Gravitation (ISFTG 2012): Petropolis, Rio de Janeiro,
                        Brazil, April 23-27, 2012}",
      journal        = "AIP Conf. Proc.",
      volume         = "1483",
      year           = "2012",
      pages          = "73-94",
      doi            = "10.1063/1.4756964",
      eprint         = "1209.3511",
      archivePrefix  = "arXiv",
      primaryClass   = "gr-qc",
      SLACcitation   = "%%CITATION = ARXIV:1209.3511;%%"
}

@article{Deur:2016tte,
      author         = "Deur, Alexandre and Brodsky, Stanley J. and de Teramond,
                        Guy F.",
      title          = "{The QCD Running Coupling}",
      journal        = "Prog. Part. Nucl. Phys.",
      volume         = "90",
      year           = "2016",
      pages          = "1-74",
      doi            = "10.1016/j.ppnp.2016.04.003",
      eprint         = "1604.08082",
      archivePrefix  = "arXiv",
      primaryClass   = "hep-ph",
      reportNumber   = "JLAB-PHY-16-2199, SLAC-PUB-16448, DOE-OR-23177-3645",
      SLACcitation   = "%%CITATION = ARXIV:1604.08082;%%"
}


@misc{nobel2004url,
  author={nobel2004},
  url={https://www.nobelprize.org/prizes/physics/2004/popular-information/},
}

@article{Holzbauer:2017ntd,
      author         = "Holzbauer, J. L.",
      title          = "{The Muon g-2 Experiment Overview and Status}",
      booktitle      = "{Proceedings, 2017 International Workshop on Neutrinos
                        from Accelerators (NuFact17): Uppsala University Main
                        Building, Uppsala, Sweden, September 25-30, 2017}",
      collaboration  = "Muon g-2",
      journal        = "PoS",
      volume         = "NuFact2017",
      year           = "2018",
      pages          = "116",
      doi            = "10.22323/1.295.0116",
      eprint         = "1712.05980",
      archivePrefix  = "arXiv",
      primaryClass   = "hep-ex",
      reportNumber   = "FERMILAB-CONF-17-593-E",
      SLACcitation   = "%%CITATION = ARXIV:1712.05980;%%"
}

@misc{cmsjetsurl,
   author = {CMS},
   url={http://cms.web.cern.ch/news/jets-cms-and-determination-their-energy-scale}
   }
   
@article{Barr:1982vj,
      author         = "Barr, Stephen M. and Reiss, D. B. and Zee, A.",
      title          = "{Fractional Charges, Monopoles and Peculiar Photons}",
      journal        = "Phys. Rev. Lett.",
      volume         = "50",
      year           = "1983",
      pages          = "317",
      doi            = "10.1103/PhysRevLett.50.317",
      reportNumber   = "Print-82-0893 (WASH.U.,SEATTLE), 40048-31 P2",
      SLACcitation   = "%%CITATION = PRLTA,50,317;%%"
}

@article{Frampton:1982gc,
      author         = "Frampton, P. H. and Kephart, T. W.",
      title          = "{Fractionally Charged Particles as Evidence for
                        Supersymmetry}",
      journal        = "Phys. Rev. Lett.",
      volume         = "49",
      year           = "1982",
      pages          = "1310",
      doi            = "10.1103/PhysRevLett.49.1310",
      reportNumber   = "IFP-172-UNC",
      SLACcitation   = "%%CITATION = PRLTA,49,1310;%%"
}

@article{Yamamoto:1982sk,
      author         = "Yamamoto, Katsuji",
      title          = "{Fractionally Charged Leptons in the SO(14) {GUT}}",
      journal        = "Phys. Lett.",
      volume         = "120B",
      year           = "1983",
      pages          = "157-160",
      doi            = "10.1016/0370-2693(83)90643-3",
      reportNumber   = "RIFP-487",
      SLACcitation   = "%%CITATION = PHLTA,120B,157;%%"
}

@article{Dong:1983nh,
      author         = "Dong, Fang-xiao and Xue, Pei-you and Tu, Tung-sheng and
                        Zhou, Xian-jian",
      title          = "{Fractional Charges, Monopoles and Peculiar Photons in
                        SO(18) {GUT} Models}",
      journal        = "Phys. Lett.",
      volume         = "129B",
      year           = "1983",
      pages          = "405-410",
      doi            = "10.1016/0370-2693(83)90129-6",
      reportNumber   = "BIHEP-TH-83-3",
      SLACcitation   = "%%CITATION = PHLTA,129B,405;%%"
}

@article{Yu:1984pb,
      author         = "Yu, Hong-Wei",
      title          = "{SU(8) GUT MODELS WITH STABLE PROTON, N ANTI-N
                        OSCILLATIONS, FRACTIONAL CHARGES AND LOW MASS MONOPOLES}",
      journal        = "Phys. Lett.",
      volume         = "142B",
      year           = "1984",
      pages          = "42-46",
      doi            = "10.1016/0370-2693(84)91132-8",
      SLACcitation   = "%%CITATION = PHLTA,142B,42;%%"
}

@article{Jiang:1985jy,
      author         = "Jiang, Xiang-Dong and Zhou, Xian-Jian",
      title          = "{SO(10) X SO(8) MODEL WITH FRACTIONAL CHARGES, MONOPOLES
                        AND PECULIAR PHOTONS. (IN CHINESE)}",
      journal        = "HEPNP",
      volume         = "9",
      year           = "1985",
      pages          = "421-429",
      SLACcitation   = "%%CITATION = INSPIRE-221880;%%"
}

@article{Antoniadis:1992eb,
      author         = "Antoniadis, Ignatios and Benakli, K.",
      title          = "{Fractionally charged particles and supersymmetry
                        breaking in 4-D strings}",
      journal        = "Phys. Lett.",
      volume         = "B295",
      year           = "1992",
      pages          = "219-224",
      doi            = "10.1016/S0370-2693(97)00755-7,
                        10.1016/0370-2693(92)91557-P",
      note           = "[Erratum: Phys. Lett.B407,449(1997)]",
      eprint         = "hep-th/9209020",
      archivePrefix  = "arXiv",
      primaryClass   = "hep-th",
      reportNumber   = "hep-ph/9707204, CPTH-A193-0892",
      SLACcitation   = "%%CITATION = HEP-TH/9209020;%%"
}

@article{Wen:1985qj,
      author         = "Wen, Xiao-Gang and Witten, Edward",
      title          = "{Electric and Magnetic Charges in Superstring Models}",
      journal        = "Nucl. Phys.",
      volume         = "B261",
      year           = "1985",
      pages          = "651-677",
      doi            = "10.1016/0550-3213(85)90592-9",
      reportNumber   = "Print-85-0468 (PRINCETON)",
      SLACcitation   = "%%CITATION = NUPHA,B261,651;%%"
}

@article{Athanasiu:1988uj,
      author         = "Athanasiu, Gregory G. and Atick, Joseph J. and Dine,
                        Michael and Fischler, Willy",
      title          = "{Remarks on Wilson Lines, Modular Invariance and Possible
                        String Relics in Calabi-yau Compactifications}",
      journal        = "Phys. Lett.",
      volume         = "B214",
      year           = "1988",
      pages          = "55-62",
      doi            = "10.1016/0370-2693(88)90451-0",
      reportNumber   = "IASSNS-HEP-88/17, UTTG-10-88",
      SLACcitation   = "%%CITATION = PHLTA,B214,55;%%"
}

@article{Battaglieri:2017aum,
      author         = "Battaglieri, Marco and others",
      title          = "{US Cosmic Visions: New Ideas in Dark Matter 2017:
                        Community Report}",
      year           = "2017",
      eprint         = "1707.04591",
      archivePrefix  = "arXiv",
      primaryClass   = "hep-ph",
      reportNumber   = "FERMILAB-CONF-17-282-AE-PPD-T",
      SLACcitation   = "%%CITATION = ARXIV:1707.04591;%%"
}

@article{Holdom:1985ag,
      author         = "Holdom, Bob",
      title          = "{Two U(1)'s and Epsilon Charge Shifts}",
      journal        = "Phys. Lett.",
      volume         = "166B",
      year           = "1986",
      pages          = "196-198",
      doi            = "10.1016/0370-2693(86)91377-8",
      reportNumber   = "UTPT-85-30",
      SLACcitation   = "%%CITATION = PHLTA,166B,196;%%"
}

@article{Izaguirre:2015eya,
      author         = "Izaguirre, Eder and Yavin, Itay",
      title          = "{New window to millicharged particles at the LHC}",
      journal        = "Phys. Rev.",
      volume         = "D92",
      year           = "2015",
      number         = "3",
      pages          = "035014",
      doi            = "10.1103/PhysRevD.92.035014",
      eprint         = "1506.04760",
      archivePrefix  = "arXiv",
      primaryClass   = "hep-ph",
      SLACcitation   = "%%CITATION = ARXIV:1506.04760;%%"
}

@article{Brahm:1989jh,
      author         = "Brahm, David E. and Hall, Lawrence J.",
      title          = "{U(1)-prime DARK MATTER}",
      journal        = "Phys. Rev.",
      volume         = "D41",
      year           = "1990",
      pages          = "1067",
      doi            = "10.1103/PhysRevD.41.1067",
      reportNumber   = "LBL-27847, UCB-PTH-89/21",
      SLACcitation   = "%%CITATION = PHRVA,D41,1067;%%"
}

@article{Boehm:2003hm,
      author         = "Boehm, C. and Fayet, Pierre",
      title          = "{Scalar dark matter candidates}",
      journal        = "Nucl. Phys.",
      volume         = "B683",
      year           = "2004",
      pages          = "219-263",
      doi            = "10.1016/j.nuclphysb.2004.01.015",
      eprint         = "hep-ph/0305261",
      archivePrefix  = "arXiv",
      primaryClass   = "hep-ph",
      SLACcitation   = "%%CITATION = HEP-PH/0305261;%%"
}

@article{Pospelov:2007mp,
      author         = "Pospelov, Maxim and Ritz, Adam and Voloshin, Mikhail B.",
      title          = "{Secluded WIMP Dark Matter}",
      journal        = "Phys. Lett.",
      volume         = "B662",
      year           = "2008",
      pages          = "53-61",
      doi            = "10.1016/j.physletb.2008.02.052",
      eprint         = "0711.4866",
      archivePrefix  = "arXiv",
      primaryClass   = "hep-ph",
      SLACcitation   = "%%CITATION = ARXIV:0711.4866;%%"
}

@article{Bjorken:2009mm,
      author         = "Bjorken, James D. and Essig, Rouven and Schuster, Philip
                        and Toro, Natalia",
      title          = "{New Fixed-Target Experiments to Search for Dark Gauge
                        Forces}",
      journal        = "Phys. Rev.",
      volume         = "D80",
      year           = "2009",
      pages          = "075018",
      doi            = "10.1103/PhysRevD.80.075018",
      eprint         = "0906.0580",
      archivePrefix  = "arXiv",
      primaryClass   = "hep-ph",
      reportNumber   = "SLAC-PUB-13650, SU-ITP-09-22",
      SLACcitation   = "%%CITATION = ARXIV:0906.0580;%%"
}

@article{Magill:2018tbb,
      author         = "Magill, Gabriel and Plestid, Ryan and Pospelov, Maxim and
                        Tsai, Yu-Dai",
      title          = "{Millicharged particles in neutrino experiments}",
      year           = "2018",
      eprint         = "1806.03310",
      archivePrefix  = "arXiv",
      primaryClass   = "hep-ph",
      SLACcitation   = "%%CITATION = ARXIV:1806.03310;%%"
}

@article{Acciarri:2015uup,
      author         = "Acciarri, R. and others",
      title          = "{Long-Baseline Neutrino Facility (LBNF) and Deep
                        Underground Neutrino Experiment (DUNE)}",
      collaboration  = "DUNE",
      year           = "2015",
      eprint         = "1512.06148",
      archivePrefix  = "arXiv",
      primaryClass   = "physics.ins-det",
      reportNumber   = "FERMILAB-DESIGN-2016-02",
      SLACcitation   = "%%CITATION = ARXIV:1512.06148;%%"
}

@article{Anelli:2015pba,
      author         = "Anelli, M. and others",
      title          = "{A facility to Search for Hidden Particles (SHiP) at the
                        CERN SPS}",
      collaboration  = "SHiP",
      year           = "2015",
      eprint         = "1504.04956",
      archivePrefix  = "arXiv",
      primaryClass   = "physics.ins-det",
      reportNumber   = "CERN-SPSC-2015-016, SPSC-P-350",
      SLACcitation   = "%%CITATION = ARXIV:1504.04956;%%"
}

@article{Lyons:1984pw,
      author         = "Lyons, L.",
      title          = "{Quark Search Experiments at Accelerators and in Cosmic
                        Rays}",
      journal        = "Phys. Rept.",
      volume         = "129",
      year           = "1985",
      pages          = "225",
      doi            = "10.1016/0370-1573(85)90011-0",
      reportNumber   = "OXFORD-NP-82/84",
      SLACcitation   = "%%CITATION = PRPLC,129,225;%%"
}


@article{Aubert:1983jy,
      author         = "Aubert, J. J. and others",
      title          = "{A Search for Free Quarks in Deep Inelastic Muon
                        Scattering}",
      booktitle      = "{11th International Symposium on Lepton and Photon
                        Interactions at High Energies Ithaca, New York, August
                        4-9, 1983}",
      collaboration  = "European Muon",
      journal        = "Phys. Lett.",
      volume         = "133B",
      year           = "1983",
      pages          = "461",
      doi            = "10.1016/0370-2693(83)90828-6",
      reportNumber   = "PRINT-83-0732",
      SLACcitation   = "%%CITATION = PHLTA,133B,461;%%"
}

@article{Bondar:1985sb,
      author         = "Bondar, A. E. and Kuradze, L. M. and Lelchuk, M. {\relax
                        Yu}. and Panin, V. S. and Sidorov, V. A. and Chilingarov,
                        A. G. and Shvarts, B. A. and Eidelman, S. I.",
      title          = "{SEARCH FOR LIGHT PARTICLES WITH CHARGE 2/3 IN e+ e-
                        ANNIHILATION}",
      journal        = "JETP Lett.",
      volume         = "40",
      year           = "1984",
      pages          = "1265-1268",
      note           = "[Pisma Zh. Eksp. Teor. Fiz.40,440(1984)]",
      reportNumber   = "DESY-L-TRANS-300",
      SLACcitation   = "%%CITATION = JTPLA,40,1265;%%"
}

@article{Aihara:1984px,
      author         = "Aihara, H. and others",
      title          = "{Search for $q = 2/3 e$ and $q = 1/3 e$ particles
                        produced in $e^+e^-$ annihilations}",
      collaboration  = "TPC/Two Gamma",
      journal        = "Phys. Rev. Lett.",
      volume         = "52",
      year           = "1984",
      pages          = "2332",
      doi            = "10.1103/PhysRevLett.52.2332",
      reportNumber   = "LBL-17551",
      SLACcitation   = "%%CITATION = PRLTA,52,2332;%%"
}

@article{Abbiendi:2003yd,
      author         = "Abbiendi, G. and others",
      title          = "{Search for stable and longlived massive charged
                        particles in e+ e- collisions at s**(1/2) = 130-GeV to
                        209-GeV}",
      collaboration  = "OPAL",
      journal        = "Phys. Lett.",
      volume         = "B572",
      year           = "2003",
      pages          = "8-20",
      doi            = "10.1016/S0370-2693(03)00639-7",
      eprint         = "hep-ex/0305031",
      archivePrefix  = "arXiv",
      primaryClass   = "hep-ex",
      reportNumber   = "CERN-EP-2003-016",
      SLACcitation   = "%%CITATION = HEP-EX/0305031;%%"
}

@article{Abreu:1996py,
      author         = "Abreu, P. and others",
      title          = "{Search for stable heavy charged particles in e+ e-
                        collisions at s**(1/2) = 130-GeV to 136-GeV, 161-GeV and
                        172-GeV}",
      collaboration  = "DELPHI",
      journal        = "Phys. Lett.",
      volume         = "B396",
      year           = "1997",
      pages          = "315-326",
      doi            = "10.1016/S0370-2693(97)00152-4",
      reportNumber   = "CERN-PPE-96-188",
      SLACcitation   = "%%CITATION = PHLTA,B396,315;%%"
}


@article{Akers:1995az,
      author         = "Akers, R. and others",
      title          = "{Search for heavy charged particles and for particles
                        with anomalous charge in $e^{+} e^{-}$ collisions at LEP}",
      collaboration  = "OPAL",
      journal        = "Z. Phys.",
      volume         = "C67",
      year           = "1995",
      pages          = "203-212",
      doi            = "10.1007/BF01571281",
      reportNumber   = "CERN-PPE-95-021, CERN-PPE-95-21",
      SLACcitation   = "%%CITATION = ZEPYA,C67,203;%%"
}

@article{Buskulic:1992mr,
      author         = "Buskulic, D. and others",
      title          = "{Search for particles with unexpected mass and charge in
                        Z decays}",
      collaboration  = "ALEPH",
      journal        = "Phys. Lett.",
      volume         = "B303",
      year           = "1993",
      pages          = "198-208",
      doi            = "10.1016/0370-2693(93)90066-Q",
      reportNumber   = "CERN-PPE-92-210",
      SLACcitation   = "%%CITATION = PHLTA,B303,198;%%"
}

@article{Aihara:1983se,
      author         = "Aihara, H. and others",
      title          = "{Search for charge $(4/3)e$ particles produced in
                        $e^+e^-$ annihilations}",
      collaboration  = "TPC/Two Gamma",
      journal        = "Phys. Rev. Lett.",
      volume         = "52",
      year           = "1984",
      pages          = "168",
      doi            = "10.1103/PhysRevLett.52.168",
      reportNumber   = "LBL-16860, TPC-LBL-83-57",
      SLACcitation   = "%%CITATION = PRLTA,52,168;%%"
}

@article{Banner:1985ev,
      author         = "Banner, M. and others",
      title          = "{A New Search for Relativistic Particles With Fractional
                        Electric Charge at the {CERN} $p \bar{p}$ Collider}",
      collaboration  = "UA2",
      journal        = "Phys. Lett.",
      volume         = "156B",
      year           = "1985",
      pages          = "129-133",
      doi            = "10.1016/0370-2693(85)91368-1",
      reportNumber   = "CERN-EP-85-42",
      SLACcitation   = "%%CITATION = PHLTA,156B,129;%%"
}

@article{Abe:1992vr,
      author         = "Abe, F. and others",
      title          = "{Limits on the production of massive stable charged
                        particles}",
      collaboration  = "CDF",
      journal        = "Phys. Rev.",
      volume         = "D46",
      year           = "1992",
      pages          = "R1889-R1894",
      doi            = "10.1103/PhysRevD.46.R1889",
      reportNumber   = "FERMILAB-PUB-92-152-E, CDF-PUB-EXOTIC-CDFR-1716",
      SLACcitation   = "%%CITATION = PHRVA,D46,R1889;%%"
}

@article{Acosta:2002ju,
      author         = "Acosta, D. and others",
      title          = "{Search for long-lived charged massive particles in
                        $\bar{p}p$ collisions at $\sqrt{s} = 1.8$ TeV}",
      collaboration  = "CDF",
      journal        = "Phys. Rev. Lett.",
      volume         = "90",
      year           = "2003",
      pages          = "131801",
      doi            = "10.1103/PhysRevLett.90.131801",
      eprint         = "hep-ex/0211064",
      archivePrefix  = "arXiv",
      primaryClass   = "hep-ex",
      reportNumber   = "FERMILAB-PUB-02-318-E, UCSB-HEP-2002-001",
      SLACcitation   = "%%CITATION = HEP-EX/0211064;%%"
}

@article{CMS:2012xi,
      author         = "Chatrchyan, Serguei and others",
      title          = "{Search for fractionally charged particles in $pp$
                        collisions at $\sqrt{s}=7$ TeV}",
      collaboration  = "CMS",
      journal        = "Phys. Rev.",
      volume         = "D87",
      year           = "2013",
      number         = "9",
      pages          = "092008",
      doi            = "10.1103/PhysRevD.87.092008",
      eprint         = "1210.2311",
      archivePrefix  = "arXiv",
      primaryClass   = "hep-ex",
      reportNumber   = "CMS-EXO-11-074, CERN-PH-EP-2012-282",
      SLACcitation   = "%%CITATION = ARXIV:1210.2311;%%"
}

@article{Mori:1990kw,
      author         = "Mori, M. and others",
      title          = "{Search for fractionally charged particles in
                        Kamiokande-II}",
      collaboration  = "Kamiokande-II",
      journal        = "Phys. Rev.",
      volume         = "D43",
      year           = "1991",
      pages          = "2843-2846",
      doi            = "10.1103/PhysRevD.43.2843",
      reportNumber   = "KEK-PREPRINT-90-153, NIIG-DP-90-6, ICRR-223-90-16,
                        TOKAI-U-KAM-90-04, KOBE-AP-90-05, OULNS-90-19,
                        TIT-HPE-90-5, UPR-0199E",
      SLACcitation   = "%%CITATION = PHRVA,D43,2843;%%"
}

@article{Ambrosio:2004ub,
      author         = "Ambrosio, M. and others",
      title          = "{Final search for lightly ionizing particles with the
                        MACRO detector}",
      collaboration  = "MACRO",
      year           = "2004",
      eprint         = "hep-ex/0402006",
      archivePrefix  = "arXiv",
      primaryClass   = "hep-ex",
      SLACcitation   = "%%CITATION = HEP-EX/0402006;%%"
}

@book{clay:1927a,
	author    = "J. Clay",
	title     = "{Penetrating radiation}",
	year	  = "1927",
	journal   = "Proceedings of the Section of Sciences, Koninklijke Akademie van Wetenschappen te Amsterdam",
	volume    = "30",
	pages     = "1115-1127"
}

@misc{hessnobel:1936,
   author = {The Nobel Prize},
   url={https://www.nobelprize.org/prizes/physics/1936/ceremony-speech/}
   }

@article{Gaisser:2013bla,
      author         = "Gaisser, Thomas K. and Stanev, Todor and Tilav, Serap",
      title          = "{Cosmic Ray Energy Spectrum from Measurements of Air
                        Showers}",
      journal        = "Front. Phys.(Beijing)",
      volume         = "8",
      year           = "2013",
      pages          = "748-758",
      doi            = "10.1007/s11467-013-0319-7",
      eprint         = "1303.3565",
      archivePrefix  = "arXiv",
      primaryClass   = "astro-ph.HE",
      SLACcitation   = "%%CITATION = ARXIV:1303.3565;%%"
}

@article{ISRAEL2005201,
title = "Isotopic Composition of Cosmic Rays: Results from the Cosmic Ray Isotope Spectrometer on the ACE Spacecraft",
journal = "Nuclear Physics A",
volume = "758",
pages = "201 - 208",
year = "2005",
note = "Nuclei in the Cosmos VIII",
issn = "0375-9474",
doi = "https://doi.org/10.1016/j.nuclphysa.2005.05.038",
url = "http://www.sciencedirect.com/science/article/pii/S037594740500686X",
author = "M.H. Israel and W.R. Binns and A.C. Cummings and R.A. Leske and R.A. Mewaldt and E.C. Stone and T.T. von Rosenvinge and M.E. Wiedenbeck"
}


@article{Blasi:2013rva,
      author         = "Blasi, Pasquale",
      title          = "{The Origin of Galactic Cosmic Rays}",
      journal        = "Astron. Astrophys. Rev.",
      volume         = "21",
      year           = "2013",
      pages          = "70",
      doi            = "10.1007/s00159-013-0070-7",
      eprint         = "1311.7346",
      archivePrefix  = "arXiv",
      primaryClass   = "astro-ph.HE",
      SLACcitation   = "%%CITATION = ARXIV:1311.7346;%%"
}

@article{0034-4885-64-4-201,
  author={M A Malkov and L O'C Drury},
  title={Nonlinear theory of diffusive acceleration of particles by shock waves},
  journal={Reports on Progress in Physics},
  volume={64},
  number={4},
  pages={429},
  url={http://stacks.iop.org/0034-4885/64/i=4/a=201},
  year={2001},
}

@book{Gaisser:2016uoy,
      author         = "Gaisser, Thomas K. and Engel, Ralph and Resconi, Elisa",
      title          = "{Cosmic Rays and Particle Physics}",
      publisher      = "Cambridge University Press",
      year           = "2016",
      url            = "http://www.cambridge.org/de/academic/subjects/physics/cosmology-relativity-and-gravitation/cosmic-rays-and-particle-physics-2nd-edition?format=HB",
      ISBN           = "9780521016469, 9781316598917",
      SLACcitation   = "%%CITATION = INSPIRE-1419789;%%"
}

@article{Apel:2011mi,
      author         = "Apel, W. D. and others",
      title          = "{Kneelike structure in the spectrum of the heavy
                        component of cosmic rays observed with KASCADE-Grande}",
      collaboration  = "KASCADE Grande",
      journal        = "Phys. Rev. Lett.",
      volume         = "107",
      year           = "2011",
      pages          = "171104",
      doi            = "10.1103/PhysRevLett.107.171104",
      eprint         = "1107.5885",
      archivePrefix  = "arXiv",
      primaryClass   = "astro-ph.HE",
      SLACcitation   = "%%CITATION = ARXIV:1107.5885;%%"
}

@article{Garyaka:2008gs,
      author         = "Garyaka, A. P. and Martirosov, R. M. and Ter-Antonyan, S.
                        V. and Erlykin, A. D. and Nikolskaya, N. M. and Gallant,
                        Y. A. and Jones, Lawrence W. and Procureur, J.",
      title          = "{All-particle primary energy spectrum in the 3-200 PeV
                        energy range}",
      journal        = "J. Phys.",
      volume         = "G35",
      year           = "2008",
      pages          = "115201",
      doi            = "10.1088/0954-3899/35/11/115201",
      eprint         = "0808.1421",
      archivePrefix  = "arXiv",
      primaryClass   = "astro-ph",
      SLACcitation   = "%%CITATION = ARXIV:0808.1421;%%"
}

@article{Greisen:1966jv,
      author         = "Greisen, Kenneth",
      title          = "{End to the cosmic ray spectrum?}",
      journal        = "Phys. Rev. Lett.",
      volume         = "16",
      year           = "1966",
      pages          = "748-750",
      doi            = "10.1103/PhysRevLett.16.748",
      SLACcitation   = "%%CITATION = PRLTA,16,748;%%"
}

@article{Zatsepin:1966jv,
      author         = "Zatsepin, G. T. and Kuzmin, V. A.",
      title          = "{Upper limit of the spectrum of cosmic rays}",
      journal        = "JETP Lett.",
      volume         = "4",
      year           = "1966",
      pages          = "78-80",
      note           = "[Pisma Zh. Eksp. Teor. Fiz.4,114(1966)]",
      SLACcitation   = "%%CITATION = JTPLA,4,78;%%"
}

@article{Aab:2017tyv,
      author         = "Aab, Alexander and others",
      title          = "{Observation of a Large-scale Anisotropy in the Arrival
                        Directions of Cosmic Rays above $8 \times 10^{18}$ eV}",
      collaboration  = "The Pierre Auger Collaboration",
      journal        = "Science",
      volume         = "357",
      year           = "2017",
      number         = "6537",
      pages          = "1266-1270",
      doi            = "10.1126/science.aan4338",
      eprint         = "1709.07321",
      archivePrefix  = "arXiv",
      primaryClass   = "astro-ph.HE",
      reportNumber   = "FERMILAB-PUB-17-354",
      SLACcitation   = "%%CITATION = ARXIV:1709.07321;%%"
}
@article{PhysRev.32.533,
  title = {The Origin of the Cosmic Rays},
  author = {Millikan, R. A. and Cameron, G. H.},
  journal = {Phys. Rev.},
  volume = {32},
  issue = {4},
  pages = {533--557},
  numpages = {0},
  year = {1928},
  month = {Oct},
  publisher = {American Physical Society},
  doi = {10.1103/PhysRev.32.533},
  url = {https://link.aps.org/doi/10.1103/PhysRev.32.533}
}

@article{icrc2017:pa,
  title = {Proceedings of Science},
  author = {J. Bellido and others},
  collaboration = "The Pierre Auger Collaboration",
  journal = "ICRC",
  year = "2017,
  volume = "301",
  issue = "506"
}

@article{Hillas:1985is,
      author         = "Hillas, A. M.",
      title          = "{The Origin of Ultrahigh-Energy Cosmic Rays}",
      journal        = "Ann. Rev. Astron. Astrophys.",
      volume         = "22",
      year           = "1984",
      pages          = "425-444",
      doi            = "10.1146/annurev.aa.22.090184.002233",
      SLACcitation   = "%%CITATION = ARAAA,22,425;%%"
}

@article{Bauleo:2009zz,
      author         = "Bauleo, Pablo M. and Rodriguez Martino, Julio",
      title          = "{The dawn of the particle astronomy era in
                        ultra-high-energy cosmic rays}",
      journal        = "Nature",
      volume         = "458N7240",
      year           = "2009",
      pages          = "847-851",
      doi            = "10.1038/nature07948",
      SLACcitation   = "%%CITATION = NATUA,458N7240,847;%%"
}

@article{Lagage:1983zz,
      author         = "Lagage, P. O. and Cesarsky, C. J.",
      title          = "{The maximum energy of cosmic rays accelerated by
                        supernova shocks}",
      journal        = "Astron. Astrophys.",
      volume         = "125",
      year           = "1983",
      pages          = "249-257",
      SLACcitation   = "%%CITATION = AAEJA,125,249;%%"
}

@book{stanev2010high,
  title={High Energy Cosmic Rays},
  author={Stanev, T.},
  isbn={9783540851486},
  series={Springer Praxis Books},
  url={https://books.google.be/books?id=1y9YEYHAfBMC},
  year={2010},
  publisher={Springer Berlin Heidelberg}
}